<?xml version="1.0" encoding="UTF-8"?><collection xmlns="http://www.loc.gov/MARC21/slim"><record><leader>00417nam--2200133-i-4500</leader><controlfield tag="001">000007779</controlfield><controlfield tag="002">20161230</controlfield><controlfield tag="005">20170305221526</controlfield><controlfield tag="008">060222s1000------------r-----000-0-eng-d</controlfield><datafield ind1=" " ind2=" " tag="100"><subfield code="a">Dewey, Melvil</subfield></datafield><datafield ind1=" " ind2=" " tag="245"><subfield code="a">Dewey decimal classification and relative index. Edition 17 vol.2: auxiliary tables. Relative index</subfield></datafield><datafield ind1=" " ind2=" " tag="260"><subfield code="a">New York</subfield><subfield code="b">Forest Press, Inc</subfield><subfield code="c">1965</subfield></datafield><datafield ind1=" " ind2=" " tag="300"><subfield code="a">IX+/-1255-2153 p.</subfield></datafield><datafield ind1=" " ind2=" " tag="CAT"><subfield code="a">SYS</subfield><subfield code="c">20170305</subfield><subfield code="h">221526</subfield></datafield></record></collection>